@Article{Failures,
  author  = {Jack Myers},
  title   = {The Media Industryâ€™s Greatest Failures of the Past Two Decades},
  journal = {Jack Myers Media Business Report},
  year    = {2011},
}

@Article{Projection,
  author  = {JACK MYERS},
  title   = {Media 2020 Vision: Perspectives and Solutions for the New Decade},
  journal = {Jack Myers Media Business Report},
  year    = {2010},
}

@Article{Stats,
  author  = {Statista},
  title   = {Distribution of global social content sharing activities as of 2nd quarter 2016, by social network},
  journal = {Statista},
  year    = {2017},
}

@Article{Quote,
  author = {Erik Qualman},
  title  = {Phrase},
  year   = {2017},
}

@Article{SocialMedia,
  author  = {SHANNON GREENWOOD, ANDREW PERRIN AND MAEVE DUGGAN},
  title   = {Social Media Update 2016},
  journal = {Pew Research Center Internet \& Technology},
  year    = {2016},
}
